<record><leader>00000cas a22000007a 4500</leader><controlfield tag="001">12251409</controlfield><controlfield tag="008">850710d19101933mtuwr ne      0    0eng d</controlfield><datafield ind1=" " ind2=" " tag="010"><subfield code="a">sn 85053190 </subfield></datafield><datafield ind1=" " ind2=" " tag="040"><subfield code="a">MTL</subfield><subfield code="b">eng</subfield><subfield code="c">MTL</subfield><subfield code="d">OCLCQ</subfield></datafield><datafield ind1=" " ind2=" " tag="042"><subfield code="a">msc</subfield></datafield><datafield ind1="0" ind2="4" tag="245"><subfield code="a">The Ismay journal.</subfield></datafield><datafield ind1=" " ind2=" " tag="260"><subfield code="a">Ismay, Mont. :</subfield><subfield code="b">Journal Pub. Co.,</subfield><subfield code="c">-1933.</subfield></datafield><datafield ind1=" " ind2=" " tag="300"><subfield code="a">22 v. :</subfield><subfield code="b">ill. ;</subfield><subfield code="c">55 cm.</subfield></datafield><datafield ind1=" " ind2=" " tag="310"><subfield code="a">Weekly</subfield></datafield><datafield ind1="0" ind2=" " tag="362"><subfield code="a">-v. 22, no. 43 (Jan. 27, 1933).</subfield></datafield><datafield ind1="1" ind2=" " tag="362"><subfield code="a">Began with Mar. 25, 1910.</subfield><subfield code="z">Cf. Gregory, W. Amer. newspapers.</subfield></datafield><datafield ind1=" " ind2=" " tag="588"><subfield code="a">Description based on: Vol. 1, no. 31 (Oct. 21, 1910).</subfield></datafield><datafield ind1=" " ind2=" " tag="752"><subfield code="a">United States</subfield><subfield code="b">Montana</subfield><subfield code="c">Custer</subfield><subfield code="d">Ismay.</subfield></datafield><datafield ind1="0" ind2="5" tag="780"><subfield code="t">Ismay</subfield><subfield code="g">Oct. 1910</subfield><subfield code="w">(DLC)sn 85053189</subfield></datafield><datafield ind1="0" ind2="4" tag="785"><subfield code="t">Fallon County times</subfield><subfield code="w">(DLC)sn 84036037</subfield></datafield></record>